@article{StreetStevenson:1937,
  author  = {Street, J. and Stevenson, E.},
  title   = {New evidence for the existence of a particle of mass intermediate between the proton and electron},
  journal = {Physical Review},
  volume  = {52},
  number  = {9},
  pages   = {1003},
  year    = {1937},
  doi     = {10.1103/PhysRev.52.1003},
  bibcode = {1937PhRv...52.1003S},
  s2cid   = {1378839}
}


@article{Yukawa1935,
  title   = {On the interaction of elementary particles},
  author  = {Yukawa, Hideki},
  journal = {Proceedings of the Physico-Mathematical Society of Japan},
  volume  = {17},
  number  = {48},
  pages   = {139--148},
  year    = {1935}
}


@misc{CODATA2018MuonElectronMassRatio,
  author       = {{NIST}},
  title        = {2018 CODATA Value: muon-electron mass ratio},
  howpublished = {The NIST Reference on Constants, Units, and Uncertainty},
  note         = {Retrieved 27 March 2024},
  url          = {https://physics.nist.gov/cgi-bin/cuu/Value?meum}
}

@misc{MuonG2Experiment2004,
  author = {{G-2.bnl.gov}},
  title  = {The Muon g-2 Experiment Home Page},
  note   = {Retrieved 27 March 2024},
  url    = {http://g-2.bnl.gov}
}

@misc{Beringer2012Leptons,
  author       = {Beringer, J. and others},
  title        = {Leptons (e, mu, tau, ... neutrinos ...)},
  howpublished = {PDGLive Particle Summary},
  organization = {Particle Data Group},
  year         = {2012},
  note         = {Retrieved 12 January 2013},
  url          = {https://pdg.lbl.gov}
}

@book{Jackson1999Electrodynamics,
  author    = {Jackson, John David},
  title     = {Classical Electrodynamics},
  edition   = {3rd},
  publisher = {Wiley},
  year      = {1999},
  address   = {New York},
  pages     = {637-638},
  isbn      = {0-471-30932-X}
}

@misc{gao2018measurement,
  title        = {Measurement of Muon Lifetime},
  author       = {Gao, Yuchen},
  howpublished = {PHY 474 Senior Laboratory, Department of Physics, The University of Texas at Austin},
  year         = {2018},
  note         = {Austin, TX 78712, USA},
  month        = {Dec}
}

@misc{princeton,
  title        = {Lifetime of the Muon },
  author       = {Romalis, Mike},
  year         = {2008},
  month        = {Feb}
}