@article{Pattison1975,
  author  = {Pattison, Philip},
  title   = {{X Ray and Gamma Ray Compton Scattering}},
  journal = {University of Warwick, Department of Physics},
  year    = {1975},
  note    = {Accesssed 20 Feb., 2024}
}

@book{Taylor2004ModernPhysics,
  title     = {Modern Physics for Scientists and Engineers},
  author    = {Taylor, J.R. and Zafiratos, C.D. and Dubson, M.A.},
  edition   = {2},
  publisher = {Prentice Hall},
  pages     = {136-139},
  year      = {2004},
  isbn      = {0-13-805715-X}
}

@misc{ComptonEffectImage,
  author       = {Encyclopædia Britannica},
  title        = {{X-ray photon part electron energy Arthur Compton}},
  howpublished = {\url{https://www.britannica.com/science/Compton-effect}},
  note         = {Accessed 20 Feb., 2024},
  organization = {Encyclopædia Britannica}
}

@article{PhysRev.21.483,
  title     = {{A Quantum Theory of the Scattering of X-rays by Light Elements}},
  author    = {Compton, Arthur H.},
  journal   = {Phys. Rev.},
  volume    = {21},
  issue     = {5},
  pages     = {483--502},
  year      = {1923},
  month     = {May},
  publisher = {American Physical Society},
  doi       = {10.1103/PhysRev.21.483},
  url       = {https://link.aps.org/doi/10.1103/PhysRev.21.483}
}

@misc{GammaSpectacularCS137,
  author       = {Gamma Spectacular},
  title        = {{Cs137 Spectrum}},
  howpublished = {\url{https://www.gammaspectacular.com/blue/gamma_spectra/cs137-spectrum}},
  note         = {Accessed: 2024-02-22},
  year         = {2024}
}

@misc{GammaSpectacularBA133,
  author       = {Gamma Spectacular},
  title        = {{Ba133 Spectrum}},
  howpublished = {\url{https://www.gammaspectacular.com/blue/gamma_spectra/ba133-spectrum}},
  note         = {Accessed: 2024-02-22},
  year         = {2024}
}
